<?xml version="1.0" encoding="UTF-8"?><collection xmlns="http://www.loc.gov/MARC21/slim"><record><leader>00429nam--2200133-i-4500</leader><controlfield tag="001">000039863</controlfield><controlfield tag="002">20161230</controlfield><controlfield tag="005">20161230201042</controlfield><controlfield tag="008">060222s1000------------r-----000-0-eng-d</controlfield><datafield ind1=" " ind2=" " tag="080"><subfield code="a">621.039.543.46(043):621.375.826(043)</subfield></datafield><datafield ind1=" " ind2=" " tag="100"><subfield code="a">Roussel, Claude</subfield></datafield><datafield ind1=" " ind2=" " tag="245"><subfield code="a">Production d`une vapeur d`uranium et interaction avec un rayonnement infra-rouge. these</subfield></datafield><datafield ind1=" " ind2=" " tag="260"><subfield code="a">Grenoble, Univ.Scientifique Et Medicale, 1972, P.Dif</subfield></datafield><datafield ind1=" " ind2=" " tag="852"><subfield code="a">42173</subfield></datafield></record></collection>